%YAML 1.1
%TAG !u! tag:unity3d.com,2011:
--- !u!29 &1
OcclusionCullingSettings:
  m_ObjectHideFlags: 0
  serializedVersion: 2
  m_OcclusionBakeSettings:
    smallestOccluder: 5
    smallestHole: 0.25
    backfaceThreshold: 100
  m_SceneGUID: 00000000000000000000000000000000
  m_OcclusionCullingData: {fileID: 0}
--- !u!104 &2
RenderSettings:
  m_ObjectHideFlags: 0
  serializedVersion: 9
  m_Fog: 0
  m_FogColor: {r: 0.5, g: 0.5, b: 0.5, a: 1}
  m_FogMode: 3
  m_FogDensity: 0.01
  m_LinearFogStart: 0
  m_LinearFogEnd: 300
  m_AmbientSkyColor: {r: 0.212, g: 0.227, b: 0.259, a: 1}
  m_AmbientEquatorColor: {r: 0.114, g: 0.125, b: 0.133, a: 1}
  m_AmbientGroundColor: {r: 0.047, g: 0.043, b: 0.035, a: 1}
  m_AmbientIntensity: 1
  m_AmbientMode: 0
  m_SubtractiveShadowColor: {r: 0.42, g: 0.478, b: 0.627, a: 1}
  m_SkyboxMaterial: {fileID: 10304, guid: 0000000000000000f000000000000000, type: 0}
  m_HaloStrength: 0.5
  m_FlareStrength: 1
  m_FlareFadeSpeed: 3
  m_HaloTexture: {fileID: 0}
  m_SpotCookie: {fileID: 10001, guid: 0000000000000000e000000000000000, type: 0}
  m_DefaultReflectionMode: 0
  m_DefaultReflectionResolution: 128
  m_ReflectionBounces: 1
  m_ReflectionIntensity: 1
  m_CustomReflection: {fileID: 0}
  m_Sun: {fileID: 705507994}
  m_IndirectSpecularColor: {r: 0.44657874, g: 0.49641258, b: 0.5748172, a: 1}
  m_UseRadianceAmbientProbe: 0
--- !u!157 &3
LightmapSettings:
  m_ObjectHideFlags: 0
  serializedVersion: 12
  m_GIWorkflowMode: 0
  m_GISettings:
    serializedVersion: 2
    m_BounceScale: 1
    m_IndirectOutputScale: 1
    m_AlbedoBoost: 1
    m_EnvironmentLightingMode: 0
    m_EnableBakedLightmaps: 1
    m_EnableRealtimeLightmaps: 0
  m_LightmapEditorSettings:
    serializedVersion: 12
    m_Resolution: 2
    m_BakeResolution: 40
    m_AtlasSize: 1024
    m_AO: 0
    m_AOMaxDistance: 1
    m_CompAOExponent: 1
    m_CompAOExponentDirect: 0
    m_ExtractAmbientOcclusion: 0
    m_Padding: 2
    m_LightmapParameters: {fileID: 0}
    m_LightmapsBakeMode: 1
    m_TextureCompression: 1
    m_FinalGather: 0
    m_FinalGatherFiltering: 1
    m_FinalGatherRayCount: 256
    m_ReflectionCompression: 2
    m_MixedBakeMode: 2
    m_BakeBackend: 1
    m_PVRSampling: 1
    m_PVRDirectSampleCount: 32
    m_PVRSampleCount: 500
    m_PVRBounces: 2
    m_PVREnvironmentSampleCount: 500
    m_PVREnvironmentReferencePointCount: 2048
    m_PVRFilteringMode: 2
    m_PVRDenoiserTypeDirect: 0
    m_PVRDenoiserTypeIndirect: 0
    m_PVRDenoiserTypeAO: 0
    m_PVRFilterTypeDirect: 0
    m_PVRFilterTypeIndirect: 0
    m_PVRFilterTypeAO: 0
    m_PVREnvironmentMIS: 0
    m_PVRCulling: 1
    m_PVRFilteringGaussRadiusDirect: 1
    m_PVRFilteringGaussRadiusIndirect: 5
    m_PVRFilteringGaussRadiusAO: 2
    m_PVRFilteringAtrousPositionSigmaDirect: 0.5
    m_PVRFilteringAtrousPositionSigmaIndirect: 2
    m_PVRFilteringAtrousPositionSigmaAO: 1
    m_ExportTrainingData: 0
    m_TrainingDataDestination: TrainingData
    m_LightProbeSampleCountMultiplier: 4
  m_LightingDataAsset: {fileID: 0}
  m_LightingSettings: {fileID: 156517102}
--- !u!196 &4
NavMeshSettings:
  serializedVersion: 2
  m_ObjectHideFlags: 0
  m_BuildSettings:
    serializedVersion: 2
    agentTypeID: 0
    agentRadius: 0.5
    agentHeight: 2
    agentSlope: 45
    agentClimb: 0.4
    ledgeDropHeight: 0
    maxJumpAcrossDistance: 0
    minRegionArea: 2
    manualCellSize: 0
    cellSize: 0.16666667
    manualTileSize: 0
    tileSize: 256
    accuratePlacement: 0
    maxJobWorkers: 0
    preserveTilesOutsideBounds: 0
    debug:
      m_Flags: 0
  m_NavMeshData: {fileID: 23800000, guid: 35301433828f9eb40b4430f453026470, type: 2}
--- !u!1 &41143060 stripped
GameObject:
  m_CorrespondingSourceObject: {fileID: 3149963113817992327, guid: 8e3f21a049b4a614e82304e0884c1ed1, type: 3}
  m_PrefabInstance: {fileID: 138053134}
  m_PrefabAsset: {fileID: 0}
--- !u!4 &41143061 stripped
Transform:
  m_CorrespondingSourceObject: {fileID: 3149963113817912965, guid: 8e3f21a049b4a614e82304e0884c1ed1, type: 3}
  m_PrefabInstance: {fileID: 138053134}
  m_PrefabAsset: {fileID: 0}
--- !u!65 &41143062
BoxCollider:
  m_ObjectHideFlags: 0
  m_CorrespondingSourceObject: {fileID: 0}
  m_PrefabInstance: {fileID: 0}
  m_PrefabAsset: {fileID: 0}
  m_GameObject: {fileID: 41143060}
  m_Material: {fileID: 0}
  m_IsTrigger: 0
  m_Enabled: 1
  serializedVersion: 2
  m_Size: {x: 2.41, y: 4.33, z: 2.4}
  m_Center: {x: 0.00362283, y: 2.6299808, z: -0.044297338}
--- !u!1 &63604711 stripped
GameObject:
  m_CorrespondingSourceObject: {fileID: -927199367670048503, guid: 29a064010e21e4f46b0e4a95c5915d86, type: 3}
  m_PrefabInstance: {fileID: 1572588674}
  m_PrefabAsset: {fileID: 0}
--- !u!4 &63604712 stripped
Transform:
  m_CorrespondingSourceObject: {fileID: -4216859302048453862, guid: 29a064010e21e4f46b0e4a95c5915d86, type: 3}
  m_PrefabInstance: {fileID: 1572588674}
  m_PrefabAsset: {fileID: 0}
--- !u!65 &63604713
BoxCollider:
  m_ObjectHideFlags: 0
  m_CorrespondingSourceObject: {fileID: 0}
  m_PrefabInstance: {fileID: 0}
  m_PrefabAsset: {fileID: 0}
  m_GameObject: {fileID: 63604711}
  m_Material: {fileID: 0}
  m_IsTrigger: 0
  m_Enabled: 1
  serializedVersion: 2
  m_Size: {x: 3.5610127, y: 1.4548526, z: 1.3184662}
  m_Center: {x: 0.0013406277, y: 0.73923945, z: 0.00440979}
--- !u!1 &77408863
GameObject:
  m_ObjectHideFlags: 0
  m_CorrespondingSourceObject: {fileID: 0}
  m_PrefabInstance: {fileID: 0}
  m_PrefabAsset: {fileID: 0}
  serializedVersion: 6
  m_Component:
  - component: {fileID: 77408867}
  - component: {fileID: 77408866}
  - component: {fileID: 77408865}
  - component: {fileID: 77408864}
  m_Layer: 0
  m_Name: Plane
  m_TagString: Untagged
  m_Icon: {fileID: 0}
  m_NavMeshLayer: 0
  m_StaticEditorFlags: 8
  m_IsActive: 1
--- !u!64 &77408864
MeshCollider:
  m_ObjectHideFlags: 0
  m_CorrespondingSourceObject: {fileID: 0}
  m_PrefabInstance: {fileID: 0}
  m_PrefabAsset: {fileID: 0}
  m_GameObject: {fileID: 77408863}
  m_Material: {fileID: 0}
  m_IsTrigger: 0
  m_Enabled: 1
  serializedVersion: 4
  m_Convex: 0
  m_CookingOptions: 30
  m_Mesh: {fileID: 10209, guid: 0000000000000000e000000000000000, type: 0}
--- !u!23 &77408865
MeshRenderer:
  m_ObjectHideFlags: 0
  m_CorrespondingSourceObject: {fileID: 0}
  m_PrefabInstance: {fileID: 0}
  m_PrefabAsset: {fileID: 0}
  m_GameObject: {fileID: 77408863}
  m_Enabled: 1
  m_CastShadows: 1
  m_ReceiveShadows: 1
  m_DynamicOccludee: 1
  m_MotionVectors: 1
  m_LightProbeUsage: 1
  m_ReflectionProbeUsage: 1
  m_RayTracingMode: 2
  m_RayTraceProcedural: 0
  m_RenderingLayerMask: 1
  m_RendererPriority: 0
  m_Materials:
  - {fileID: 10303, guid: 0000000000000000f000000000000000, type: 0}
  m_StaticBatchInfo:
    firstSubMesh: 0
    subMeshCount: 0
  m_StaticBatchRoot: {fileID: 0}
  m_ProbeAnchor: {fileID: 0}
  m_LightProbeVolumeOverride: {fileID: 0}
  m_ScaleInLightmap: 1
  m_ReceiveGI: 1
  m_PreserveUVs: 0
  m_IgnoreNormalsForChartDetection: 0
  m_ImportantGI: 0
  m_StitchLightmapSeams: 1
  m_SelectedEditorRenderState: 3
  m_MinimumChartSize: 4
  m_AutoUVMaxDistance: 0.5
  m_AutoUVMaxAngle: 89
  m_LightmapParameters: {fileID: 0}
  m_SortingLayerID: 0
  m_SortingLayer: 0
  m_SortingOrder: 0
  m_AdditionalVertexStreams: {fileID: 0}
--- !u!33 &77408866
MeshFilter:
  m_ObjectHideFlags: 0
  m_CorrespondingSourceObject: {fileID: 0}
  m_PrefabInstance: {fileID: 0}
  m_PrefabAsset: {fileID: 0}
  m_GameObject: {fileID: 77408863}
  m_Mesh: {fileID: 10209, guid: 0000000000000000e000000000000000, type: 0}
--- !u!4 &77408867
Transform:
  m_ObjectHideFlags: 0
  m_CorrespondingSourceObject: {fileID: 0}
  m_PrefabInstance: {fileID: 0}
  m_PrefabAsset: {fileID: 0}
  m_GameObject: {fileID: 77408863}
  m_LocalRotation: {x: 0, y: 0, z: 0, w: 1}
  m_LocalPosition: {x: 0, y: -3.35, z: 4.08}
  m_LocalScale: {x: 3.3316789, y: 3.3316789, z: 3.3316789}
  m_Children: []
  m_Father: {fileID: 0}
  m_RootOrder: 4
  m_LocalEulerAnglesHint: {x: 0, y: 0, z: 0}
--- !u!1001 &138053134
PrefabInstance:
  m_ObjectHideFlags: 0
  serializedVersion: 2
  m_Modification:
    m_TransformParent: {fileID: 392215531}
    m_Modifications:
    - target: {fileID: 3149963113817912965, guid: 8e3f21a049b4a614e82304e0884c1ed1, type: 3}
      propertyPath: m_LocalPosition.x
      value: -11.799717
      objectReference: {fileID: 0}
    - target: {fileID: 3149963113817912965, guid: 8e3f21a049b4a614e82304e0884c1ed1, type: 3}
      propertyPath: m_LocalPosition.y
      value: 2.3697221
      objectReference: {fileID: 0}
    - target: {fileID: 3149963113817912965, guid: 8e3f21a049b4a614e82304e0884c1ed1, type: 3}
      propertyPath: m_LocalPosition.z
      value: -10.777056
      objectReference: {fileID: 0}
    - target: {fileID: 3149963113817912965, guid: 8e3f21a049b4a614e82304e0884c1ed1, type: 3}
      propertyPath: m_LocalRotation.x
      value: 0.0000000218557
      objectReference: {fileID: 0}
    - target: {fileID: 3149963113817912965, guid: 8e3f21a049b4a614e82304e0884c1ed1, type: 3}
      propertyPath: m_LocalRotation.y
      value: -0
      objectReference: {fileID: 0}
    - target: {fileID: 3149963113817912965, guid: 8e3f21a049b4a614e82304e0884c1ed1, type: 3}
      propertyPath: m_LocalRotation.z
      value: -0
      objectReference: {fileID: 0}
    - target: {fileID: 3149963113817912965, guid: 8e3f21a049b4a614e82304e0884c1ed1, type: 3}
      propertyPath: m_LocalRotation.w
      value: 1
      objectReference: {fileID: 0}
    - target: {fileID: 3149963113817912965, guid: 8e3f21a049b4a614e82304e0884c1ed1, type: 3}
      propertyPath: m_RootOrder
      value: 2
      objectReference: {fileID: 0}
    - target: {fileID: 3149963113817912965, guid: 8e3f21a049b4a614e82304e0884c1ed1, type: 3}
      propertyPath: m_LocalEulerAnglesHint.x
      value: 0
      objectReference: {fileID: 0}
    - target: {fileID: 3149963113817912965, guid: 8e3f21a049b4a614e82304e0884c1ed1, type: 3}
      propertyPath: m_LocalEulerAnglesHint.y
      value: 0
      objectReference: {fileID: 0}
    - target: {fileID: 3149963113817912965, guid: 8e3f21a049b4a614e82304e0884c1ed1, type: 3}
      propertyPath: m_LocalEulerAnglesHint.z
      value: 0
      objectReference: {fileID: 0}
    - target: {fileID: 3149963113817992327, guid: 8e3f21a049b4a614e82304e0884c1ed1, type: 3}
      propertyPath: m_Name
      value: Tree 1 (6)
      objectReference: {fileID: 0}
    m_RemovedComponents: []
  m_SourcePrefab: {fileID: 100100000, guid: 8e3f21a049b4a614e82304e0884c1ed1, type: 3}
--- !u!850595691 &156517102
LightingSettings:
  m_ObjectHideFlags: 0
  m_CorrespondingSourceObject: {fileID: 0}
  m_PrefabInstance: {fileID: 0}
  m_PrefabAsset: {fileID: 0}
  m_Name: Settings.lighting
  serializedVersion: 2
  m_GIWorkflowMode: 0
  m_EnableBakedLightmaps: 1
  m_EnableRealtimeLightmaps: 0
  m_RealtimeEnvironmentLighting: 1
  m_BounceScale: 1
  m_AlbedoBoost: 1
  m_IndirectOutputScale: 1
  m_UsingShadowmask: 1
  m_BakeBackend: 1
  m_LightmapMaxSize: 1024
  m_BakeResolution: 40
  m_Padding: 2
  m_TextureCompression: 1
  m_AO: 0
  m_AOMaxDistance: 1
  m_CompAOExponent: 1
  m_CompAOExponentDirect: 0
  m_ExtractAO: 0
  m_MixedBakeMode: 2
  m_LightmapsBakeMode: 1
  m_FilterMode: 1
  m_LightmapParameters: {fileID: 0}
  m_ExportTrainingData: 0
  m_TrainingDataDestination: TrainingData
  m_RealtimeResolution: 2
  m_ForceWhiteAlbedo: 0
  m_ForceUpdates: 0
  m_FinalGather: 0
  m_FinalGatherRayCount: 256
  m_FinalGatherFiltering: 1
  m_PVRCulling: 1
  m_PVRSampling: 1
  m_PVRDirectSampleCount: 32
  m_PVRSampleCount: 500
  m_PVREnvironmentSampleCount: 500
  m_PVREnvironmentReferencePointCount: 2048
  m_LightProbeSampleCountMultiplier: 4
  m_PVRBounces: 2
  m_PVRRussianRouletteStartBounce: 2
  m_PVREnvironmentMIS: 0
  m_PVRFilteringMode: 2
  m_PVRDenoiserTypeDirect: 0
  m_PVRDenoiserTypeIndirect: 0
  m_PVRDenoiserTypeAO: 0
  m_PVRFilterTypeDirect: 0
  m_PVRFilterTypeIndirect: 0
  m_PVRFilterTypeAO: 0
  m_PVRFilteringGaussRadiusDirect: 1
  m_PVRFilteringGaussRadiusIndirect: 5
  m_PVRFilteringGaussRadiusAO: 2
  m_PVRFilteringAtrousPositionSigmaDirect: 0.5
  m_PVRFilteringAtrousPositionSigmaIndirect: 2
  m_PVRFilteringAtrousPositionSigmaAO: 1
--- !u!1 &208150249 stripped
GameObject:
  m_CorrespondingSourceObject: {fileID: 3688582061819761618, guid: e46690baf0e8a3446be85a10c42bdf1a, type: 3}
  m_PrefabInstance: {fileID: 4094681881106005434}
  m_PrefabAsset: {fileID: 0}
--- !u!114 &208150250
MonoBehaviour:
  m_ObjectHideFlags: 0
  m_CorrespondingSourceObject: {fileID: 0}
  m_PrefabInstance: {fileID: 0}
  m_PrefabAsset: {fileID: 0}
  m_GameObject: {fileID: 208150249}
  m_Enabled: 1
  m_EditorHideFlags: 0
  m_Script: {fileID: 11500000, guid: 096e232573fd13c4f9df8c9d517b7e84, type: 3}
  m_Name: 
  m_EditorClassIdentifier: 
  target: {fileID: 1202829797}
  playerMovement: {fileID: 0}
--- !u!1 &215047972 stripped
GameObject:
  m_CorrespondingSourceObject: {fileID: 3149963113817992327, guid: 8e3f21a049b4a614e82304e0884c1ed1, type: 3}
  m_PrefabInstance: {fileID: 912279299}
  m_PrefabAsset: {fileID: 0}
--- !u!4 &215047973 stripped
Transform:
  m_CorrespondingSourceObject: {fileID: 3149963113817912965, guid: 8e3f21a049b4a614e82304e0884c1ed1, type: 3}
  m_PrefabInstance: {fileID: 912279299}
  m_PrefabAsset: {fileID: 0}
--- !u!65 &215047974
BoxCollider:
  m_ObjectHideFlags: 0
  m_CorrespondingSourceObject: {fileID: 0}
  m_PrefabInstance: {fileID: 0}
  m_PrefabAsset: {fileID: 0}
  m_GameObject: {fileID: 215047972}
  m_Material: {fileID: 0}
  m_IsTrigger: 0
  m_Enabled: 1
  serializedVersion: 2
  m_Size: {x: 2.41, y: 4.33, z: 2.4}
  m_Center: {x: 0.00362283, y: 2.6299808, z: -0.044297338}
--- !u!1 &392215530
GameObject:
  m_ObjectHideFlags: 0
  m_CorrespondingSourceObject: {fileID: 0}
  m_PrefabInstance: {fileID: 0}
  m_PrefabAsset: {fileID: 0}
  serializedVersion: 6
  m_Component:
  - component: {fileID: 392215531}
  m_Layer: 0
  m_Name: Obstacles
  m_TagString: Untagged
  m_Icon: {fileID: 0}
  m_NavMeshLayer: 0
  m_StaticEditorFlags: 0
  m_IsActive: 1
--- !u!4 &392215531
Transform:
  m_ObjectHideFlags: 0
  m_CorrespondingSourceObject: {fileID: 0}
  m_PrefabInstance: {fileID: 0}
  m_PrefabAsset: {fileID: 0}
  m_GameObject: {fileID: 392215530}
  m_LocalRotation: {x: 0, y: 0, z: 0, w: 1}
  m_LocalPosition: {x: -1.1602836, y: -5.689722, z: 2.9070559}
  m_LocalScale: {x: 1, y: 1, z: 1}
  m_Children:
  - {fileID: 63604712}
  - {fileID: 215047973}
  - {fileID: 41143061}
  - {fileID: 2100014767}
  - {fileID: 1453641565}
  m_Father: {fileID: 0}
  m_RootOrder: 5
  m_LocalEulerAnglesHint: {x: 0, y: 0, z: 0}
--- !u!1 &705507993
GameObject:
  m_ObjectHideFlags: 0
  m_CorrespondingSourceObject: {fileID: 0}
  m_PrefabInstance: {fileID: 0}
  m_PrefabAsset: {fileID: 0}
  serializedVersion: 6
  m_Component:
  - component: {fileID: 705507995}
  - component: {fileID: 705507994}
  m_Layer: 0
  m_Name: Directional Light
  m_TagString: Untagged
  m_Icon: {fileID: 0}
  m_NavMeshLayer: 0
  m_StaticEditorFlags: 0
  m_IsActive: 1
--- !u!108 &705507994
Light:
  m_ObjectHideFlags: 0
  m_CorrespondingSourceObject: {fileID: 0}
  m_PrefabInstance: {fileID: 0}
  m_PrefabAsset: {fileID: 0}
  m_GameObject: {fileID: 705507993}
  m_Enabled: 1
  serializedVersion: 10
  m_Type: 1
  m_Shape: 0
  m_Color: {r: 1, g: 0.95686275, b: 0.8392157, a: 1}
  m_Intensity: 1
  m_Range: 10
  m_SpotAngle: 30
  m_InnerSpotAngle: 21.80208
  m_CookieSize: 10
  m_Shadows:
    m_Type: 2
    m_Resolution: -1
    m_CustomResolution: -1
    m_Strength: 1
    m_Bias: 0.05
    m_NormalBias: 0.4
    m_NearPlane: 0.2
    m_CullingMatrixOverride:
      e00: 1
      e01: 0
      e02: 0
      e03: 0
      e10: 0
      e11: 1
      e12: 0
      e13: 0
      e20: 0
      e21: 0
      e22: 1
      e23: 0
      e30: 0
      e31: 0
      e32: 0
      e33: 1
    m_UseCullingMatrixOverride: 0
  m_Cookie: {fileID: 0}
  m_DrawHalo: 0
  m_Flare: {fileID: 0}
  m_RenderMode: 0
  m_CullingMask:
    serializedVersion: 2
    m_Bits: 4294967295
  m_RenderingLayerMask: 1
  m_Lightmapping: 1
  m_LightShadowCasterMode: 0
  m_AreaSize: {x: 1, y: 1}
  m_BounceIntensity: 1
  m_ColorTemperature: 6570
  m_UseColorTemperature: 0
  m_BoundingSphereOverride: {x: 0, y: 0, z: 0, w: 0}
  m_UseBoundingSphereOverride: 0
  m_ShadowRadius: 0
  m_ShadowAngle: 0
--- !u!4 &705507995
Transform:
  m_ObjectHideFlags: 0
  m_CorrespondingSourceObject: {fileID: 0}
  m_PrefabInstance: {fileID: 0}
  m_PrefabAsset: {fileID: 0}
  m_GameObject: {fileID: 705507993}
  m_LocalRotation: {x: 0.40821788, y: -0.23456968, z: 0.10938163, w: 0.8754261}
  m_LocalPosition: {x: 0, y: 3, z: 0}
  m_LocalScale: {x: 1, y: 1, z: 1}
  m_Children: []
  m_Father: {fileID: 0}
  m_RootOrder: 3
  m_LocalEulerAnglesHint: {x: 50, y: -30, z: 0}
--- !u!1001 &912279299
PrefabInstance:
  m_ObjectHideFlags: 0
  serializedVersion: 2
  m_Modification:
    m_TransformParent: {fileID: 392215531}
    m_Modifications:
    - target: {fileID: 3149963113817912965, guid: 8e3f21a049b4a614e82304e0884c1ed1, type: 3}
      propertyPath: m_LocalPosition.x
      value: 13.083517
      objectReference: {fileID: 0}
    - target: {fileID: 3149963113817912965, guid: 8e3f21a049b4a614e82304e0884c1ed1, type: 3}
      propertyPath: m_LocalPosition.y
      value: 2.3697221
      objectReference: {fileID: 0}
    - target: {fileID: 3149963113817912965, guid: 8e3f21a049b4a614e82304e0884c1ed1, type: 3}
      propertyPath: m_LocalPosition.z
      value: -8.388633
      objectReference: {fileID: 0}
    - target: {fileID: 3149963113817912965, guid: 8e3f21a049b4a614e82304e0884c1ed1, type: 3}
      propertyPath: m_LocalRotation.x
      value: 0.00000002067121
      objectReference: {fileID: 0}
    - target: {fileID: 3149963113817912965, guid: 8e3f21a049b4a614e82304e0884c1ed1, type: 3}
      propertyPath: m_LocalRotation.y
      value: -0.3247377
      objectReference: {fileID: 0}
    - target: {fileID: 3149963113817912965, guid: 8e3f21a049b4a614e82304e0884c1ed1, type: 3}
      propertyPath: m_LocalRotation.z
      value: -0.0000000070973694
      objectReference: {fileID: 0}
    - target: {fileID: 3149963113817912965, guid: 8e3f21a049b4a614e82304e0884c1ed1, type: 3}
      propertyPath: m_LocalRotation.w
      value: 0.9458041
      objectReference: {fileID: 0}
    - target: {fileID: 3149963113817912965, guid: 8e3f21a049b4a614e82304e0884c1ed1, type: 3}
      propertyPath: m_RootOrder
      value: 1
      objectReference: {fileID: 0}
    - target: {fileID: 3149963113817912965, guid: 8e3f21a049b4a614e82304e0884c1ed1, type: 3}
      propertyPath: m_LocalEulerAnglesHint.x
      value: 0
      objectReference: {fileID: 0}
    - target: {fileID: 3149963113817912965, guid: 8e3f21a049b4a614e82304e0884c1ed1, type: 3}
      propertyPath: m_LocalEulerAnglesHint.y
      value: -37.899
      objectReference: {fileID: 0}
    - target: {fileID: 3149963113817912965, guid: 8e3f21a049b4a614e82304e0884c1ed1, type: 3}
      propertyPath: m_LocalEulerAnglesHint.z
      value: 0
      objectReference: {fileID: 0}
    - target: {fileID: 3149963113817992327, guid: 8e3f21a049b4a614e82304e0884c1ed1, type: 3}
      propertyPath: m_Name
      value: Tree 1 (3)
      objectReference: {fileID: 0}
    m_RemovedComponents: []
  m_SourcePrefab: {fileID: 100100000, guid: 8e3f21a049b4a614e82304e0884c1ed1, type: 3}
--- !u!1 &963194225
GameObject:
  m_ObjectHideFlags: 0
  m_CorrespondingSourceObject: {fileID: 0}
  m_PrefabInstance: {fileID: 0}
  m_PrefabAsset: {fileID: 0}
  serializedVersion: 6
  m_Component:
  - component: {fileID: 963194228}
  - component: {fileID: 963194227}
  - component: {fileID: 963194226}
  m_Layer: 0
  m_Name: Main Camera
  m_TagString: MainCamera
  m_Icon: {fileID: 0}
  m_NavMeshLayer: 0
  m_StaticEditorFlags: 0
  m_IsActive: 1
--- !u!81 &963194226
AudioListener:
  m_ObjectHideFlags: 0
  m_CorrespondingSourceObject: {fileID: 0}
  m_PrefabInstance: {fileID: 0}
  m_PrefabAsset: {fileID: 0}
  m_GameObject: {fileID: 963194225}
  m_Enabled: 1
--- !u!20 &963194227
Camera:
  m_ObjectHideFlags: 0
  m_CorrespondingSourceObject: {fileID: 0}
  m_PrefabInstance: {fileID: 0}
  m_PrefabAsset: {fileID: 0}
  m_GameObject: {fileID: 963194225}
  m_Enabled: 1
  serializedVersion: 2
  m_ClearFlags: 1
  m_BackGroundColor: {r: 0.19215687, g: 0.3019608, b: 0.4745098, a: 0}
  m_projectionMatrixMode: 1
  m_GateFitMode: 2
  m_FOVAxisMode: 0
  m_SensorSize: {x: 36, y: 24}
  m_LensShift: {x: 0, y: 0}
  m_FocalLength: 50
  m_NormalizedViewPortRect:
    serializedVersion: 2
    x: 0
    y: 0
    width: 1
    height: 1
  near clip plane: 0.3
  far clip plane: 1000
  field of view: 60
  orthographic: 0
  orthographic size: 5
  m_Depth: -1
  m_CullingMask:
    serializedVersion: 2
    m_Bits: 4294967295
  m_RenderingPath: -1
  m_TargetTexture: {fileID: 0}
  m_TargetDisplay: 0
  m_TargetEye: 3
  m_HDR: 1
  m_AllowMSAA: 1
  m_AllowDynamicResolution: 0
  m_ForceIntoRT: 0
  m_OcclusionCulling: 1
  m_StereoConvergence: 10
  m_StereoSeparation: 0.022
--- !u!4 &963194228
Transform:
  m_ObjectHideFlags: 0
  m_CorrespondingSourceObject: {fileID: 0}
  m_PrefabInstance: {fileID: 0}
  m_PrefabAsset: {fileID: 0}
  m_GameObject: {fileID: 963194225}
  m_LocalRotation: {x: -0.29483825, y: 0.3595787, z: -0.12087926, w: -0.8770187}
  m_LocalPosition: {x: 17.878662, y: 12.839849, z: -14.70192}
  m_LocalScale: {x: 1, y: 1, z: 1}
  m_Children: []
  m_Father: {fileID: 0}
  m_RootOrder: 0
  m_LocalEulerAnglesHint: {x: 0, y: 0, z: 0}
--- !u!1 &1202829797 stripped
GameObject:
  m_CorrespondingSourceObject: {fileID: 6249990309180928430, guid: eb4a328115b460445b5f5ce3474f46f2, type: 3}
  m_PrefabInstance: {fileID: 2387584968703351772}
  m_PrefabAsset: {fileID: 0}
--- !u!1001 &1285984104
PrefabInstance:
  m_ObjectHideFlags: 0
  serializedVersion: 2
  m_Modification:
    m_TransformParent: {fileID: 392215531}
    m_Modifications:
    - target: {fileID: -4216859302048453862, guid: 29a064010e21e4f46b0e4a95c5915d86, type: 3}
      propertyPath: m_LocalPosition.x
      value: 9.28068
      objectReference: {fileID: 0}
    - target: {fileID: -4216859302048453862, guid: 29a064010e21e4f46b0e4a95c5915d86, type: 3}
      propertyPath: m_LocalPosition.y
      value: 2.347334
      objectReference: {fileID: 0}
    - target: {fileID: -4216859302048453862, guid: 29a064010e21e4f46b0e4a95c5915d86, type: 3}
      propertyPath: m_LocalPosition.z
      value: 9.210145
      objectReference: {fileID: 0}
    - target: {fileID: -4216859302048453862, guid: 29a064010e21e4f46b0e4a95c5915d86, type: 3}
      propertyPath: m_LocalRotation.x
      value: -0
      objectReference: {fileID: 0}
    - target: {fileID: -4216859302048453862, guid: 29a064010e21e4f46b0e4a95c5915d86, type: 3}
      propertyPath: m_LocalRotation.y
      value: -0.34402764
      objectReference: {fileID: 0}
    - target: {fileID: -4216859302048453862, guid: 29a064010e21e4f46b0e4a95c5915d86, type: 3}
      propertyPath: m_LocalRotation.z
      value: -0
      objectReference: {fileID: 0}
    - target: {fileID: -4216859302048453862, guid: 29a064010e21e4f46b0e4a95c5915d86, type: 3}
      propertyPath: m_LocalRotation.w
      value: 0.9389595
      objectReference: {fileID: 0}
    - target: {fileID: -4216859302048453862, guid: 29a064010e21e4f46b0e4a95c5915d86, type: 3}
      propertyPath: m_RootOrder
      value: 3
      objectReference: {fileID: 0}
    - target: {fileID: -4216859302048453862, guid: 29a064010e21e4f46b0e4a95c5915d86, type: 3}
      propertyPath: m_LocalEulerAnglesHint.x
      value: 0
      objectReference: {fileID: 0}
    - target: {fileID: -4216859302048453862, guid: 29a064010e21e4f46b0e4a95c5915d86, type: 3}
      propertyPath: m_LocalEulerAnglesHint.y
      value: -40.245
      objectReference: {fileID: 0}
    - target: {fileID: -4216859302048453862, guid: 29a064010e21e4f46b0e4a95c5915d86, type: 3}
      propertyPath: m_LocalEulerAnglesHint.z
      value: 0
      objectReference: {fileID: 0}
    - target: {fileID: -4216859302048453862, guid: 29a064010e21e4f46b0e4a95c5915d86, type: 3}
      propertyPath: m_LocalScale.x
      value: 2
      objectReference: {fileID: 0}
    - target: {fileID: -4216859302048453862, guid: 29a064010e21e4f46b0e4a95c5915d86, type: 3}
      propertyPath: m_LocalScale.y
      value: 2
      objectReference: {fileID: 0}
    - target: {fileID: -4216859302048453862, guid: 29a064010e21e4f46b0e4a95c5915d86, type: 3}
      propertyPath: m_LocalScale.z
      value: 2
      objectReference: {fileID: 0}
    - target: {fileID: -927199367670048503, guid: 29a064010e21e4f46b0e4a95c5915d86, type: 3}
      propertyPath: m_Name
      value: container (2)
      objectReference: {fileID: 0}
    - target: {fileID: -927199367670048503, guid: 29a064010e21e4f46b0e4a95c5915d86, type: 3}
      propertyPath: m_TagString
      value: Hide
      objectReference: {fileID: 0}
    - target: {fileID: -927199367670048503, guid: 29a064010e21e4f46b0e4a95c5915d86, type: 3}
      propertyPath: m_StaticEditorFlags
      value: 8
      objectReference: {fileID: 0}
    - target: {fileID: 493663573172863694, guid: 29a064010e21e4f46b0e4a95c5915d86, type: 3}
      propertyPath: m_StaticEditorFlags
      value: 8
      objectReference: {fileID: 0}
    m_RemovedComponents: []
  m_SourcePrefab: {fileID: 100100000, guid: 29a064010e21e4f46b0e4a95c5915d86, type: 3}
--- !u!1001 &1351360733
PrefabInstance:
  m_ObjectHideFlags: 0
  serializedVersion: 2
  m_Modification:
    m_TransformParent: {fileID: 392215531}
    m_Modifications:
    - target: {fileID: 3149963113817912965, guid: 8e3f21a049b4a614e82304e0884c1ed1, type: 3}
      propertyPath: m_LocalPosition.x
      value: -11.799717
      objectReference: {fileID: 0}
    - target: {fileID: 3149963113817912965, guid: 8e3f21a049b4a614e82304e0884c1ed1, type: 3}
      propertyPath: m_LocalPosition.y
      value: 2.3697221
      objectReference: {fileID: 0}
    - target: {fileID: 3149963113817912965, guid: 8e3f21a049b4a614e82304e0884c1ed1, type: 3}
      propertyPath: m_LocalPosition.z
      value: 12.442945
      objectReference: {fileID: 0}
    - target: {fileID: 3149963113817912965, guid: 8e3f21a049b4a614e82304e0884c1ed1, type: 3}
      propertyPath: m_LocalRotation.x
      value: 0.0000000218557
      objectReference: {fileID: 0}
    - target: {fileID: 3149963113817912965, guid: 8e3f21a049b4a614e82304e0884c1ed1, type: 3}
      propertyPath: m_LocalRotation.y
      value: -0
      objectReference: {fileID: 0}
    - target: {fileID: 3149963113817912965, guid: 8e3f21a049b4a614e82304e0884c1ed1, type: 3}
      propertyPath: m_LocalRotation.z
      value: -0
      objectReference: {fileID: 0}
    - target: {fileID: 3149963113817912965, guid: 8e3f21a049b4a614e82304e0884c1ed1, type: 3}
      propertyPath: m_LocalRotation.w
      value: 1
      objectReference: {fileID: 0}
    - target: {fileID: 3149963113817912965, guid: 8e3f21a049b4a614e82304e0884c1ed1, type: 3}
      propertyPath: m_RootOrder
      value: 4
      objectReference: {fileID: 0}
    - target: {fileID: 3149963113817912965, guid: 8e3f21a049b4a614e82304e0884c1ed1, type: 3}
      propertyPath: m_LocalEulerAnglesHint.x
      value: 0
      objectReference: {fileID: 0}
    - target: {fileID: 3149963113817912965, guid: 8e3f21a049b4a614e82304e0884c1ed1, type: 3}
      propertyPath: m_LocalEulerAnglesHint.y
      value: 0
      objectReference: {fileID: 0}
    - target: {fileID: 3149963113817912965, guid: 8e3f21a049b4a614e82304e0884c1ed1, type: 3}
      propertyPath: m_LocalEulerAnglesHint.z
      value: 0
      objectReference: {fileID: 0}
    - target: {fileID: 3149963113817992327, guid: 8e3f21a049b4a614e82304e0884c1ed1, type: 3}
      propertyPath: m_Name
      value: Tree 1 (7)
      objectReference: {fileID: 0}
    m_RemovedComponents: []
  m_SourcePrefab: {fileID: 100100000, guid: 8e3f21a049b4a614e82304e0884c1ed1, type: 3}
--- !u!1 &1453641564 stripped
GameObject:
  m_CorrespondingSourceObject: {fileID: 3149963113817992327, guid: 8e3f21a049b4a614e82304e0884c1ed1, type: 3}
  m_PrefabInstance: {fileID: 1351360733}
  m_PrefabAsset: {fileID: 0}
--- !u!4 &1453641565 stripped
Transform:
  m_CorrespondingSourceObject: {fileID: 3149963113817912965, guid: 8e3f21a049b4a614e82304e0884c1ed1, type: 3}
  m_PrefabInstance: {fileID: 1351360733}
  m_PrefabAsset: {fileID: 0}
--- !u!65 &1453641566
BoxCollider:
  m_ObjectHideFlags: 0
  m_CorrespondingSourceObject: {fileID: 0}
  m_PrefabInstance: {fileID: 0}
  m_PrefabAsset: {fileID: 0}
  m_GameObject: {fileID: 1453641564}
  m_Material: {fileID: 0}
  m_IsTrigger: 0
  m_Enabled: 1
  serializedVersion: 2
  m_Size: {x: 2.41, y: 4.33, z: 2.4}
  m_Center: {x: 0.00362283, y: 2.6299808, z: -0.044297338}
--- !u!1001 &1572588674
PrefabInstance:
  m_ObjectHideFlags: 0
  serializedVersion: 2
  m_Modification:
    m_TransformParent: {fileID: 392215531}
    m_Modifications:
    - target: {fileID: -4216859302048453862, guid: 29a064010e21e4f46b0e4a95c5915d86, type: 3}
      propertyPath: m_LocalPosition.x
      value: -3.56
      objectReference: {fileID: 0}
    - target: {fileID: -4216859302048453862, guid: 29a064010e21e4f46b0e4a95c5915d86, type: 3}
      propertyPath: m_LocalPosition.y
      value: 2.347334
      objectReference: {fileID: 0}
    - target: {fileID: -4216859302048453862, guid: 29a064010e21e4f46b0e4a95c5915d86, type: 3}
      propertyPath: m_LocalPosition.z
      value: -11.894392
      objectReference: {fileID: 0}
    - target: {fileID: -4216859302048453862, guid: 29a064010e21e4f46b0e4a95c5915d86, type: 3}
      propertyPath: m_LocalRotation.x
      value: -0
      objectReference: {fileID: 0}
    - target: {fileID: -4216859302048453862, guid: 29a064010e21e4f46b0e4a95c5915d86, type: 3}
      propertyPath: m_LocalRotation.y
      value: -0
      objectReference: {fileID: 0}
    - target: {fileID: -4216859302048453862, guid: 29a064010e21e4f46b0e4a95c5915d86, type: 3}
      propertyPath: m_LocalRotation.z
      value: -0
      objectReference: {fileID: 0}
    - target: {fileID: -4216859302048453862, guid: 29a064010e21e4f46b0e4a95c5915d86, type: 3}
      propertyPath: m_LocalRotation.w
      value: 1
      objectReference: {fileID: 0}
    - target: {fileID: -4216859302048453862, guid: 29a064010e21e4f46b0e4a95c5915d86, type: 3}
      propertyPath: m_RootOrder
      value: 0
      objectReference: {fileID: 0}
    - target: {fileID: -4216859302048453862, guid: 29a064010e21e4f46b0e4a95c5915d86, type: 3}
      propertyPath: m_LocalEulerAnglesHint.x
      value: 0
      objectReference: {fileID: 0}
    - target: {fileID: -4216859302048453862, guid: 29a064010e21e4f46b0e4a95c5915d86, type: 3}
      propertyPath: m_LocalEulerAnglesHint.y
      value: 0
      objectReference: {fileID: 0}
    - target: {fileID: -4216859302048453862, guid: 29a064010e21e4f46b0e4a95c5915d86, type: 3}
      propertyPath: m_LocalEulerAnglesHint.z
      value: 0
      objectReference: {fileID: 0}
    - target: {fileID: -4216859302048453862, guid: 29a064010e21e4f46b0e4a95c5915d86, type: 3}
      propertyPath: m_LocalScale.x
      value: 2
      objectReference: {fileID: 0}
    - target: {fileID: -4216859302048453862, guid: 29a064010e21e4f46b0e4a95c5915d86, type: 3}
      propertyPath: m_LocalScale.y
      value: 2
      objectReference: {fileID: 0}
    - target: {fileID: -4216859302048453862, guid: 29a064010e21e4f46b0e4a95c5915d86, type: 3}
      propertyPath: m_LocalScale.z
      value: 2
      objectReference: {fileID: 0}
    - target: {fileID: -927199367670048503, guid: 29a064010e21e4f46b0e4a95c5915d86, type: 3}
      propertyPath: m_Name
      value: container
      objectReference: {fileID: 0}
    - target: {fileID: -927199367670048503, guid: 29a064010e21e4f46b0e4a95c5915d86, type: 3}
      propertyPath: m_TagString
      value: Hide
      objectReference: {fileID: 0}
    - target: {fileID: -927199367670048503, guid: 29a064010e21e4f46b0e4a95c5915d86, type: 3}
      propertyPath: m_StaticEditorFlags
      value: 8
      objectReference: {fileID: 0}
    - target: {fileID: 493663573172863694, guid: 29a064010e21e4f46b0e4a95c5915d86, type: 3}
      propertyPath: m_StaticEditorFlags
      value: 8
      objectReference: {fileID: 0}
    m_RemovedComponents: []
  m_SourcePrefab: {fileID: 100100000, guid: 29a064010e21e4f46b0e4a95c5915d86, type: 3}
--- !u!1 &2100014766 stripped
GameObject:
  m_CorrespondingSourceObject: {fileID: -927199367670048503, guid: 29a064010e21e4f46b0e4a95c5915d86, type: 3}
  m_PrefabInstance: {fileID: 1285984104}
  m_PrefabAsset: {fileID: 0}
--- !u!4 &2100014767 stripped
Transform:
  m_CorrespondingSourceObject: {fileID: -4216859302048453862, guid: 29a064010e21e4f46b0e4a95c5915d86, type: 3}
  m_PrefabInstance: {fileID: 1285984104}
  m_PrefabAsset: {fileID: 0}
--- !u!65 &2100014768
BoxCollider:
  m_ObjectHideFlags: 0
  m_CorrespondingSourceObject: {fileID: 0}
  m_PrefabInstance: {fileID: 0}
  m_PrefabAsset: {fileID: 0}
  m_GameObject: {fileID: 2100014766}
  m_Material: {fileID: 0}
  m_IsTrigger: 0
  m_Enabled: 1
  serializedVersion: 2
  m_Size: {x: 3.5610127, y: 1.4548526, z: 1.3184662}
  m_Center: {x: 0.0013406277, y: 0.73923945, z: 0.00440979}
--- !u!1001 &2387584968703351772
PrefabInstance:
  m_ObjectHideFlags: 0
  serializedVersion: 2
  m_Modification:
    m_TransformParent: {fileID: 0}
    m_Modifications:
    - target: {fileID: 1202829798, guid: eb4a328115b460445b5f5ce3474f46f2, type: 3}
      propertyPath: speed
      value: 20
      objectReference: {fileID: 0}
    - target: {fileID: 6249990309180829134, guid: eb4a328115b460445b5f5ce3474f46f2, type: 3}
      propertyPath: m_LocalPosition.x
      value: 0.92
      objectReference: {fileID: 0}
    - target: {fileID: 6249990309180829134, guid: eb4a328115b460445b5f5ce3474f46f2, type: 3}
      propertyPath: m_LocalPosition.y
      value: -3.35
      objectReference: {fileID: 0}
    - target: {fileID: 6249990309180829134, guid: eb4a328115b460445b5f5ce3474f46f2, type: 3}
      propertyPath: m_LocalPosition.z
      value: -2.62
      objectReference: {fileID: 0}
    - target: {fileID: 6249990309180829134, guid: eb4a328115b460445b5f5ce3474f46f2, type: 3}
      propertyPath: m_LocalRotation.x
      value: 0
      objectReference: {fileID: 0}
    - target: {fileID: 6249990309180829134, guid: eb4a328115b460445b5f5ce3474f46f2, type: 3}
      propertyPath: m_LocalRotation.y
      value: 1
      objectReference: {fileID: 0}
    - target: {fileID: 6249990309180829134, guid: eb4a328115b460445b5f5ce3474f46f2, type: 3}
      propertyPath: m_LocalRotation.z
      value: 0
      objectReference: {fileID: 0}
    - target: {fileID: 6249990309180829134, guid: eb4a328115b460445b5f5ce3474f46f2, type: 3}
      propertyPath: m_LocalRotation.w
      value: -0.00000016292068
      objectReference: {fileID: 0}
    - target: {fileID: 6249990309180829134, guid: eb4a328115b460445b5f5ce3474f46f2, type: 3}
      propertyPath: m_RootOrder
      value: 2
      objectReference: {fileID: 0}
    - target: {fileID: 6249990309180829134, guid: eb4a328115b460445b5f5ce3474f46f2, type: 3}
      propertyPath: m_LocalEulerAnglesHint.x
      value: 0
      objectReference: {fileID: 0}
    - target: {fileID: 6249990309180829134, guid: eb4a328115b460445b5f5ce3474f46f2, type: 3}
      propertyPath: m_LocalEulerAnglesHint.y
      value: 0
      objectReference: {fileID: 0}
    - target: {fileID: 6249990309180829134, guid: eb4a328115b460445b5f5ce3474f46f2, type: 3}
      propertyPath: m_LocalEulerAnglesHint.z
      value: 0
      objectReference: {fileID: 0}
    - target: {fileID: 6249990309180928430, guid: eb4a328115b460445b5f5ce3474f46f2, type: 3}
      propertyPath: m_Name
      value: Police
      objectReference: {fileID: 0}
    m_RemovedComponents: []
  m_SourcePrefab: {fileID: 100100000, guid: eb4a328115b460445b5f5ce3474f46f2, type: 3}
--- !u!1001 &4094681881106005434
PrefabInstance:
  m_ObjectHideFlags: 0
  serializedVersion: 2
  m_Modification:
    m_TransformParent: {fileID: 0}
    m_Modifications:
    - target: {fileID: 2007134296, guid: e46690baf0e8a3446be85a10c42bdf1a, type: 3}
      propertyPath: m_StoppingDistance
      value: 2
      objectReference: {fileID: 0}
    - target: {fileID: 3688582061819596722, guid: e46690baf0e8a3446be85a10c42bdf1a, type: 3}
      propertyPath: m_LocalPosition.x
      value: -6.3
      objectReference: {fileID: 0}
    - target: {fileID: 3688582061819596722, guid: e46690baf0e8a3446be85a10c42bdf1a, type: 3}
      propertyPath: m_LocalPosition.y
      value: -3.32
      objectReference: {fileID: 0}
    - target: {fileID: 3688582061819596722, guid: e46690baf0e8a3446be85a10c42bdf1a, type: 3}
      propertyPath: m_LocalPosition.z
      value: 6.37
      objectReference: {fileID: 0}
    - target: {fileID: 3688582061819596722, guid: e46690baf0e8a3446be85a10c42bdf1a, type: 3}
      propertyPath: m_LocalRotation.x
      value: 0
      objectReference: {fileID: 0}
    - target: {fileID: 3688582061819596722, guid: e46690baf0e8a3446be85a10c42bdf1a, type: 3}
      propertyPath: m_LocalRotation.y
      value: 1
      objectReference: {fileID: 0}
    - target: {fileID: 3688582061819596722, guid: e46690baf0e8a3446be85a10c42bdf1a, type: 3}
      propertyPath: m_LocalRotation.z
      value: 0
      objectReference: {fileID: 0}
    - target: {fileID: 3688582061819596722, guid: e46690baf0e8a3446be85a10c42bdf1a, type: 3}
      propertyPath: m_LocalRotation.w
      value: -0.00000016292068
      objectReference: {fileID: 0}
    - target: {fileID: 3688582061819596722, guid: e46690baf0e8a3446be85a10c42bdf1a, type: 3}
      propertyPath: m_RootOrder
      value: 1
      objectReference: {fileID: 0}
    - target: {fileID: 3688582061819596722, guid: e46690baf0e8a3446be85a10c42bdf1a, type: 3}
      propertyPath: m_LocalEulerAnglesHint.x
      value: 0
      objectReference: {fileID: 0}
    - target: {fileID: 3688582061819596722, guid: e46690baf0e8a3446be85a10c42bdf1a, type: 3}
      propertyPath: m_LocalEulerAnglesHint.y
      value: 0
      objectReference: {fileID: 0}
    - target: {fileID: 3688582061819596722, guid: e46690baf0e8a3446be85a10c42bdf1a, type: 3}
      propertyPath: m_LocalEulerAnglesHint.z
      value: 0
      objectReference: {fileID: 0}
    - target: {fileID: 3688582061819761618, guid: e46690baf0e8a3446be85a10c42bdf1a, type: 3}
      propertyPath: m_Name
      value: AgentOne
      objectReference: {fileID: 0}
    m_RemovedComponents: []
  m_SourcePrefab: {fileID: 100100000, guid: e46690baf0e8a3446be85a10c42bdf1a, type: 3}
